@article{Kinney2010PNAS,
    title={Using deep sequencing to characterize the biophysical mechanism of a transcriptional regulatory sequence},
    author={Kinney JB and Murugan A and Callan CG Jr and Cox EC},
    year={2010},
    journal = {Proc Natl Acad Sci},
    volume  = {107},
    number = {20},
    pages   = {9158-9163},
    DOI = {10.1073/pnas.1004290107},
    type = {Journal Article}
}

@article{Kuhlman2007PNAS,
    title={Combinatorial transcriptional control of the lactose operon of Escherichia coli},
    author={Kuhlman T and Zhang Z and Saier MH Jr and Hwa T},
    year={2007},
    journal = {Proc Natl Acad Sci},
    volume  = {104},
    number = {14},
    pages   = {6043-6048},
    DOI = {10.1073/pnas.0606717104},
    type = {Journal Article}
}

@article{Mitra2018NatCommun,
    title={Using both qualitative and quantitative data in parameter identification for systems biology models},
    author={Mitra ED and Dias R and Posner RG and Hlavacek WS},
    year={2018},
    journal = {Nat Commun},
    volume  = {9},
    number = {1},
    pages   = {3901},
    DOI = {10.1038/s41467-018-06439-z},
    type = {Journal Article}
}